<record><leader>00000cas a22000007a 4500</leader><controlfield tag="001">690936234</controlfield><controlfield tag="006">m     o  |        </controlfield><controlfield tag="007">cr |||||||||||</controlfield><controlfield tag="008">101209u1uuuuuuunyuwr neo     0    0yidrc</controlfield><datafield ind1=" " ind2=" " tag="010"><subfield code="a">  2010225620</subfield></datafield><datafield ind1=" " ind2=" " tag="040"><subfield code="a">CRL</subfield><subfield code="b">eng</subfield><subfield code="c">CRL</subfield><subfield code="d">CRL</subfield><subfield code="d">OCLCQ</subfield><subfield code="d">OCLCF</subfield><subfield code="d">OCLCO</subfield></datafield><datafield ind1=" " ind2=" " tag="066"><subfield code="c">(2</subfield></datafield><datafield ind1=" " ind2=" " tag="042"><subfield code="a">msc</subfield></datafield><datafield ind1="0" ind2="0" tag="245"><subfield code="6">880-01</subfield><subfield code="a">Biznes rek&#803;ord</subfield><subfield code="h">[electronic resource] =</subfield><subfield code="b">The Jewish business record.</subfield></datafield><datafield ind1="3" ind2="1" tag="246"><subfield code="a">Jewish business record</subfield></datafield><datafield ind1=" " ind2=" " tag="260"><subfield code="a">New York, N.Y. :</subfield><subfield code="b">Jewish Newspaper Publishers Syndicate, Inc.</subfield></datafield><datafield ind1=" " ind2=" " tag="310"><subfield code="a">Weekly</subfield></datafield><datafield ind1=" " ind2=" " tag="546"><subfield code="a">In Yiddish.</subfield></datafield><datafield ind1=" " ind2=" " tag="588"><subfield code="a">Description based on: Vol. 2, no. 35 (Aug. 31st, 1917); title from PDF caption (APCRL, viewed Dec. 8, 2010).</subfield></datafield><datafield ind1=" " ind2=" " tag="588"><subfield code="a">Latest issue consulted: Vol. 3, no. 11 (Mar. 22nd, 1918) (APCRL, viewed Dec. 8, 2010).</subfield></datafield><datafield ind1=" " ind2="0" tag="650"><subfield code="a">Yiddish newspapers</subfield><subfield code="z">New York (State)</subfield><subfield code="z">New York.</subfield></datafield><datafield ind1=" " ind2="0" tag="650"><subfield code="a">Jewish newspapers</subfield><subfield code="z">New York (State)</subfield><subfield code="z">New York.</subfield></datafield><datafield ind1=" " ind2="0" tag="651"><subfield code="a">New York (N.Y.)</subfield><subfield code="v">Newspapers.</subfield></datafield><datafield ind1=" " ind2="7" tag="655"><subfield code="a">Newspapers.</subfield><subfield code="2">fast</subfield><subfield code="0">(OCoLC)fst01423814</subfield></datafield><datafield ind1=" " ind2="7" tag="650"><subfield code="a">Jewish newspapers.</subfield><subfield code="2">fast</subfield><subfield code="0">(OCoLC)fst00982872</subfield></datafield><datafield ind1=" " ind2="7" tag="650"><subfield code="a">Yiddish newspapers.</subfield><subfield code="2">fast</subfield><subfield code="0">(OCoLC)fst01182832</subfield></datafield><datafield ind1=" " ind2="7" tag="651"><subfield code="a">New York (State)</subfield><subfield code="z">New York.</subfield><subfield code="2">fast</subfield><subfield code="0">(OCoLC)fst01204333</subfield></datafield><datafield ind1=" " ind2=" " tag="752"><subfield code="a">United States</subfield><subfield code="b">New York</subfield><subfield code="c">New York</subfield><subfield code="d">New York.</subfield></datafield><datafield ind1="0" ind2="8" tag="776"><subfield code="i">Print version:</subfield><subfield code="t">Biznes rek&#803;ord =</subfield><subfield code="w">(DLC)sn 83045858</subfield><subfield code="w">(OCoLC)9745531</subfield></datafield><datafield ind1="4" ind2="0" tag="856"><subfield code="u">http://gateway.proquest.com/openurl?url_ver=Z39.88-2004&amp;res_dat=xri:pqm&amp;rft_val_fmt=info:ofi/fmt:kev:mtx:journal&amp;genre=journal&amp;req_dat=xri:pqil:pq_clntid=36372&amp;svc_dat=xri:pqil:context=title&amp;rft_dat=xri:pqd:PMID=237703</subfield><subfield code="z">ProQuest - American Periodicals from the Center for Research Libraries</subfield></datafield><datafield ind1="0" ind2="0" tag="880"><subfield code="6">245-01/(2/r</subfield><subfield code="a">&#1489;&#1497;&#1494;&#1504;&#1506;&#1505; &#1512;&#1506;&#1511;&#1488;&#1512;&#1491;</subfield><subfield code="h">[electronic resource] =</subfield><subfield code="b">The Jewish business record</subfield></datafield></record>